@book{LevinsonDurbin,
	author = {Iser, B. and Minker, W. and Schmidt, G.},
	title = {Bandwidth extension of speech signals},
	date = {2008},
	OPTpublisher = {Springer},
	OPTlocation = {New York},
	OPTisbn = {978-0-387-68899-2},
	OPTchapter = {Levinson-Durbin Recursion},
}

@article{PaperFAPEC,
	author = {Portell, J. and Iudica, R. and García-Berro, E. and Villafranca, A. G. and Artigues, G.},
	title = {FAPEC, a versatile and efficient data compressor for space missions},
	journal = {International Journal of Remote Sensing},
	volume = {39},
	number = {7},
	pages = {2022-2042},
	year  = {2018},
	publisher = {Taylor & Francis}
}

@patent{PatentFAPEC,
	author = {Portell, J. and García-Berro, E. and Luri, X. and Villafranca, A. G. and Torra, J.},
	title = {Method for fully adaptive calibration of a prediction error coder},
	year = {2012},
	note={US Patent 0166503}
}

@book{PSAVC,
	author = {Riba, J.},
	title = {Procesado de Señal Audiovisual y de Comunicaciones},
	date = {2020},
	OPTpublisher = {ETSETB (UPC)},
	OPTlocation = {Barcelona},
}

@article{SANDAU20101,
	title = {Status and trends of small satellite missions for Earth observation},
	journal = {Acta Astronautica},
	volume = {66},
	number = {1},
	pages = {1-12},
	year = {2010},
	author = {Rainer Sandau},
	keywords = {Small satellite, Remote sensing, Earth observation},
}

@article{RO-GNSS,
	author = {Kursinski, E. R. and Hajj, G. A. and Schofield, J. T. and Linfield, R. P. and Hardy, K. R.},
	title = {Observing Earth's atmosphere with radio occultation measurements using the Global Positioning System},
	journal = {Journal of Geophysical Research: Atmospheres},
	volume = {102},
	number = {D19},
	pages = {23429-23465},
	year = {1997}
}

@online{FLAC,
	author = {Coalson, Josh},
	title  = {FLAC - format},
	urldate = {2021-03-10},
	year = 2001,
	url    = {https://xiph.org/flac/format.html}
}

@article{IQintro,
	title={Introduction to IQ-demodulation of RF-data},
	author={Kirkhorn, Johan},
	journal={IFBT, NTNU},
	volume={15},
	year={1999}
}

@book{carlson2010communication,
	title={Communication System},
	author={Carlson, A.B.},
	isbn={9780071321174},
	year={2010},
	publisher={Tata McGraw-Hill Education}
}

@book{ICOM,
	author = {Riba, J.},
	title = {Introducción a las Comunicaciones},
	date = {2020},
	OPTpublisher = {ETSETB (UPC)},
	OPTlocation = {Barcelona},
}

@article{Shannon1948,
	author = {Shannon, C.},
	journal = {tech. J},
	mendeley-groups = {Entropy coding},
	number = {379},
	pages = {623},
	title = {A Mathematical Theory of Communication},
	volume = {27},
	year = {1948}
}

@book{cover,
	author = {Cover, Thomas M. and Thomas, Joy A.},
	title = {Elements of Information Theory},
	year = {2006},
	isbn = {0471241954},
	publisher = {Wiley-Interscience},
	address = {USA}
}

@online{KMALL,
	author = {Kongsberg Maritime},
	title  = {EM datagrams on *.kmall format},
	urldate = {2021-03-17},
	year = 2020,
	url    = {https://www.kongsberg.com/globalassets/maritime/software/410224ah_em_dgm_format.zip}
}

@article{IQFlac,
	author={S. {Nanba} and A. {Agata}},
	journal={2013 IEEE 24th International Symposium on Personal, Indoor and Mobile Radio Communications (PIMRC Workshops)},
	title={A new IQ data compression scheme for front-haul link in Centralized RAN},
	year={2013},
	pages={210-214},
}

@article{Golomb1966,
	author = {S. Golomb},
	issue = {3},
	journal = {IEEE Transactions on Information Theory},
	pages = {399-401},
	title = {Run-length encodings},
	volume = {12},
	year = {1966},
}

@article{Portell2019,
	author={Portell, Jordi and Amblas, David and Mitchell, Garrett and Morales, Matias and Villafranca, Alberto G. and Iudica, Riccardo and Lastras, Galderic},
	journal={IEEE Journal of Selected Topics in Applied Earth Observations and Remote Sensing},
	title={High-Performance Compression of Multibeam Echosounders Water Column Data},
	year={2019},
	volume={12},
	number={6},
	pages={1771-1783},
}

@report{ccsds121,
	author = {Consultative Committee for Space Data Systems (CCSDS) 121.0-B-3},
	date = {2020-08},
	title = {Lossless Data Compression},
	url = {https://public.ccsds.org/Pubs/121x0b3.pdf},
}

@report{ccsds122,
	author = {Consultative Committee for Space Data Systems (CCSDS) 122.0-B-2},
	date = {2017-09},
	title = {Image Data Compression},
	url = {https://public.ccsds.org/Pubs/122x0b2.pdf},
}

@article{OptimalRice,
	author = {Pen-Shu Yeh and Robert Rice and Warner Miller},
	journal = {JPL Technical Report},
	title = {On the optimality of a universal noiseless coder},
	volume = {91-2},
	year = {1991},
}

@book{MacKay,
	author = {MacKay, David J. C.},
	title = {Information Theory, Inference, and Learning Algorithms},
	year = {2002},
	isbn = {0521642981},
	publisher = {Cambridge University Press},
	address = {USA}
}

@article{ans,
	author={Duda, Jarek and Tahboub, Khalid and Gadgil, Neeraj J. and Delp, Edward J.},
	booktitle={2015 Picture Coding Symposium (PCS)},
	title={The use of asymmetric numeral systems as an accurate replacement for Huffman coding},
	year={2015},
	pages={65-69}
}

@article{OptimalGeometric,
	author={Gallager, R. and van Voorhis, D.},
	journal={IEEE Transactions on Information Theory},
	title={Optimal source codes for geometrically distributed integer alphabets (Corresp.)},
	year={1975},
	volume={21},
	number={2},
	pages={228-230}
}

@article{Vasicek,
	author = {Oldrich Vasicek},
	journal = {Journal of the Royal Statistical Society. Series B (Methodological)},
	number = {1},
	pages = {54--59},
	publisher = {[Royal Statistical Society, Wiley]},
	title = {A Test for Normality Based on Sample Entropy},
	volume = {38},
	year = {1976}
}
