@book{LevinsonDurbin,
	author = {Iser, B. and Minker, W. and Schmidt, G.},
	title = {Bandwidth extension of speech signals},
	date = {2008},
	OPTpublisher = {Springer},
	OPTlocation = {New York},
	OPTisbn = {978-0-387-68899-2},
	OPTchapter = {Levinson-Durbin Recursion},
}
